@misc{jubatus,
  title="Jubatusオンライン機械学習向け分散処理フレームワーク",
  author="PFI \& NTT",
  howpublished="http://jubat.us/ja/",
  year="2011-2014"
}
@misc{twitter,
  title="Twitter",
  howpublished="http://twitter.com/"
}
@misc{android,
  title="Android",
  author="Google",
  howpublished="http://www.google.com/intl/ja/mobile/android/"
}
@misc{nodejs,
  title="Node.js",
  howpublished="http://nodejs.org/"
}

@inproceedings{arow,
  author="Koby Crammer, Alex Kulesza and Mark Dredze",
  title="Adapting Regularization of Weight Vectors",
  year="2009",
  booktitle="Advances in Neural Information Processing Systems 22"
}
@article{dynamicdictionarygeneration,
  author="荒川豊、末松真司、田頭茂明、福田晃",
  title="コンテキストアウェアIMEの実現へ向けた動的辞書生成手法の提案",
  journal="情報処理学会論文誌",
  year="2011",
  volume="52",
  number="3",
  pages="1033-1044",
  month="3"
}
@techreport{communicationreport,
  author="総務省",
  title="平成25年通信利用動向調査",
  institution="総務省",
  year="2012"
}
@techreport{rakutensmartphone,
  author="楽天リサーチ株式会社",
  title="スマートフォン利用に関する調査",
  institution="楽天リサーチ株式会社",
  year="2014"
}
@misc{researchbanksmartphone,
  title="スマートフォンに関する調査",
  author="Lifemedia",
  howpublished="http://research.lifemedia.jp/2014/04/140409\_smartphone.html"
}
@misc{ime,
  title="{IME} - {Wikipedia}",
  howpublished="http://ja.wikipedia.org/wiki/インプット\_メソッド\_エディタ"
}
@misc{socialime,
  title="Social {IME}",
  author="奥野陽",
  howpublished="http://wwww.social-ime.com"
}
@misc{iwnn,
  title="{iWnn}",
  author="omron",
  howpublished="http://www.omronsoft.co.jp/product\_text/iwnn/"
}
@article{pobox,
  title="An efficient text input method for pen-based computers",
  author="Toshiyuki Masui",
  journal="CHI",
  year="1998"
}
@misc{smartwatch,
  title="Android Wear",
  howpublished="http://ja.wikipedia.org/wiki/Android\_Wear/"
}
@misc{googleglass,
  title="Google Glass",
  howpublished="http://ja.wikipedia.org/wiki/Google\_Glass/"
}
